<record><leader>00000cas a22000007a 4500</leader><controlfield tag="001">10486780</controlfield><controlfield tag="008">840305d19721976vi mr ne      0   a0eng d</controlfield><controlfield tag="009">3770</controlfield><datafield ind1=" " ind2=" " tag="010"><subfield code="a">sn 84037537 </subfield></datafield><datafield ind1=" " ind2=" " tag="040"><subfield code="a">NVI</subfield><subfield code="b">eng</subfield><subfield code="c">NPV</subfield><subfield code="d">DLC</subfield><subfield code="d">NSD</subfield></datafield><datafield ind1="1" ind2=" " tag="029"><subfield code="a">AU@</subfield><subfield code="b">000025813477</subfield></datafield><datafield ind1=" " ind2=" " tag="042"><subfield code="a">msc</subfield></datafield><datafield ind1="0" ind2="4" tag="245"><subfield code="a">The St. John drum.</subfield></datafield><datafield ind1="0" ind2="0" tag="246"><subfield code="a">Saint John drum</subfield></datafield><datafield ind1=" " ind2=" " tag="260"><subfield code="a">Cruz Bay, St. John [V.I.] :</subfield><subfield code="b">J. Chapman,</subfield><subfield code="c">1972-1976.</subfield></datafield><datafield ind1=" " ind2=" " tag="300"><subfield code="a">5 v. :</subfield><subfield code="b">ill. ;</subfield><subfield code="c">29 cm.</subfield></datafield><datafield ind1=" " ind2=" " tag="310"><subfield code="a">Monthly,</subfield><subfield code="b">July-Dec. 1976</subfield></datafield><datafield ind1=" " ind2=" " tag="321"><subfield code="a">Biweekly,</subfield><subfield code="b">1972-June 1976</subfield></datafield><datafield ind1="0" ind2=" " tag="362"><subfield code="a">Vol. 1, no. 1 (Sept. 22, 1972)-v. 5, no. 17 (Dec. 1976).</subfield></datafield><datafield ind1=" " ind2=" " tag="500"><subfield code="a">Publisher: Sis Thoman, 1972-1976.</subfield></datafield><datafield ind1=" " ind2=" " tag="500"><subfield code="a">First newspaper published on St. John.</subfield></datafield><datafield ind1=" " ind2=" " tag="500"><subfield code="a">Editor: Judy Chapman, Sept. 1972-June 1974; Sis Thoman, 1972-1976.</subfield></datafield><datafield ind1=" " ind2=" " tag="752"><subfield code="a">United States</subfield><subfield code="b">Virgin Islands</subfield><subfield code="c">Saint John</subfield><subfield code="d">Cruz Bay.</subfield></datafield><datafield ind1="0" ind2="0" tag="785"><subfield code="t">Tradewinds (Saint John, V.I.)</subfield><subfield code="x">0895-0970</subfield><subfield code="w">(DLC)sn 84037541</subfield></datafield></record>